<?xml version="1.0" encoding="UTF-8"?><collection xmlns="http://www.loc.gov/MARC21/slim"><record><leader>00410nam--2200145-i-4500</leader><controlfield tag="001">000008654</controlfield><controlfield tag="002">20161230</controlfield><controlfield tag="005">20161230201027</controlfield><controlfield tag="008">060222s1000------------r-----000-0-eng-d</controlfield><datafield ind1=" " ind2=" " tag="080"><subfield code="a">531.19:532.5</subfield></datafield><datafield ind1=" " ind2=" " tag="100"><subfield code="a">Beran, Mark J</subfield></datafield><datafield ind1=" " ind2=" " tag="245"><subfield code="a">Statistical continuum theories</subfield></datafield><datafield ind1=" " ind2=" " tag="260"><subfield code="a">New York, Interscience Publ., 1968. Xv + 424 P</subfield></datafield><datafield ind1=" " ind2=" " tag="490"><subfield code="a">Monographs In Statistical Physics And Thermody Namics</subfield></datafield><datafield ind1=" " ind2=" " tag="852"><subfield code="a">16809</subfield></datafield></record></collection>